<?xml version="1.0" encoding="UTF-8"?><collection xmlns="http://www.loc.gov/MARC21/slim"><record><leader>00321nam--2200133-i-4500</leader><controlfield tag="001">000041302</controlfield><controlfield tag="002">20161230</controlfield><controlfield tag="005">20161230201043</controlfield><controlfield tag="008">060222s1000------------r-----000-0-eng-d</controlfield><datafield ind1=" " ind2=" " tag="080"><subfield code="a">336.2</subfield></datafield><datafield ind1=" " ind2=" " tag="100"><subfield code="a">Sesan,Al</subfield></datafield><datafield ind1=" " ind2=" " tag="245"><subfield code="a">Impozitele si taxele de la populatie</subfield></datafield><datafield ind1=" " ind2=" " tag="260"><subfield code="a">Bucuresti, Ed.St.,1957. /476-479/P</subfield></datafield><datafield ind1=" " ind2=" " tag="852"><subfield code="a">4527</subfield></datafield></record></collection>